<record><leader>00000cas a22000007a 4500</leader><controlfield tag="001">25621735</controlfield><controlfield tag="008">920410d194019uuncuwr ne      0    0eng d</controlfield><datafield ind1=" " ind2=" " tag="010"><subfield code="a">sn 92074009 </subfield></datafield><datafield ind1=" " ind2=" " tag="040"><subfield code="a">NVJ</subfield><subfield code="b">eng</subfield><subfield code="c">NVJ</subfield><subfield code="d">OCLCQ</subfield></datafield><datafield ind1=" " ind2=" " tag="042"><subfield code="a">msc</subfield></datafield><datafield ind1="0" ind2="4" tag="245"><subfield code="a">The Tyrrell tribune.</subfield></datafield><datafield ind1=" " ind2=" " tag="260"><subfield code="a">Columbia, N.C. :</subfield><subfield code="b">Times Print. Co.</subfield></datafield><datafield ind1=" " ind2=" " tag="300"><subfield code="a">v.</subfield></datafield><datafield ind1=" " ind2=" " tag="310"><subfield code="a">Weekly</subfield></datafield><datafield ind1="1" ind2=" " tag="362"><subfield code="a">Began in Feb. 1940.</subfield></datafield><datafield ind1=" " ind2=" " tag="588"><subfield code="a">Description based on: Vol. 1, no. 11 (Feb. 15, 1940).</subfield></datafield><datafield ind1=" " ind2=" " tag="752"><subfield code="a">United States</subfield><subfield code="b">North Carolina</subfield><subfield code="c">Tyrrell</subfield><subfield code="d">Columbia.</subfield></datafield><datafield ind1="0" ind2="0" tag="780"><subfield code="t">Tyrrell County tribune</subfield><subfield code="w">(DLC)sn 92074008</subfield></datafield></record>